@online{IBMnn,
    author = "IBM",
    title = "What is a neural network?",
    url = "https://www.ibm.com/think/topics/neural-networks",
    addendum = "(accessed: 06.24.2025)",
    keywords = "neural network,deep learning"
}

@online{MicrosoftTokens,
    author = "Microsoft",
    title = "Understand tokens",
    url = "https://learn.microsoft.com/en-us/dotnet/ai/conceptual/understanding-tokens",
    addendum = "(accessed: 06.24.2025)",
}

@online{GoogleEmbeddings,
    author = "Google",
    title = "Embeddings",
    url = "https://ai.google.dev/gemini-api/docs/embeddings",
    addendum = "(accessed: 06.24.2025)",
}

@online{GoogleContextWindow,
    author = "Google",
    title = "Long context",
    url = "https://ai.google.dev/gemini-api/docs/long-context",
    addendum = "(accessed: 06.24.2025)",
}

@misc{paaß2023foundationmodelsnaturallanguage,
      title={Foundation Models for Natural Language Processing -- Pre-trained Language Models Integrating Media}, 
      author={Gerhard Paaß and Sven Giesselbach},
      year={2023},
      eprint={2302.08575},
      archivePrefix={arXiv},
      primaryClass={cs.CL},
      url={https://arxiv.org/abs/2302.08575}, 
}

@misc{kaufmann2024surveyreinforcementlearninghuman,
      title={A Survey of Reinforcement Learning from Human Feedback}, 
      author={Timo Kaufmann and Paul Weng and Viktor Bengs and Eyke Hüllermeier},
      year={2024},
      eprint={2312.14925},
      archivePrefix={arXiv},
      primaryClass={cs.LG},
      url={https://arxiv.org/abs/2312.14925}, 
}

@book{ReinforcementLearningAnIntroduction,
    title={Reinforcement Learning: An Introduction},
    author={Richard S. Sutton and Andrew G. Barto},
    isbn={78-0-262-03924-6},
    year={2018},
    publisher={The MIT Press},
    edition = {Second edition},
}

@misc{vaswani2023attentionneed,
      title={Attention Is All You Need}, 
      author={Ashish Vaswani and Noam Shazeer and Niki Parmar and Jakob Uszkoreit and Llion Jones and Aidan N. Gomez and Lukasz Kaiser and Illia Polosukhin},
      year={2023},
      eprint={1706.03762},
      archivePrefix={arXiv},
      primaryClass={cs.CL},
      url={https://arxiv.org/abs/1706.03762}, 
}

@misc{devlin2019bertpretrainingdeepbidirectional,
      title={BERT: Pre-training of Deep Bidirectional Transformers for Language Understanding}, 
      author={Jacob Devlin and Ming-Wei Chang and Kenton Lee and Kristina Toutanova},
      year={2019},
      eprint={1810.04805},
      archivePrefix={arXiv},
      primaryClass={cs.CL},
      url={https://arxiv.org/abs/1810.04805}, 
}

@misc{openai2024gpt4technicalreport,
      title={GPT-4 Technical Report}, 
      author={OpenAI and Josh Achiam and Steven Adler and Sandhini Agarwal and Lama Ahmad and Ilge Akkaya and Florencia Leoni Aleman and Diogo Almeida and Janko Altenschmidt and Sam Altman and Shyamal Anadkat and Red Avila and Igor Babuschkin and Suchir Balaji and Valerie Balcom and Paul Baltescu and Haiming Bao and Mohammad Bavarian and Jeff Belgum and Irwan Bello and Jake Berdine and Gabriel Bernadett-Shapiro and Christopher Berner and Lenny Bogdonoff and Oleg Boiko and Madelaine Boyd and Anna-Luisa Brakman and Greg Brockman and Tim Brooks and Miles Brundage and Kevin Button and Trevor Cai and Rosie Campbell and Andrew Cann and Brittany Carey and Chelsea Carlson and Rory Carmichael and Brooke Chan and Che Chang and Fotis Chantzis and Derek Chen and Sully Chen and Ruby Chen and Jason Chen and Mark Chen and Ben Chess and Chester Cho and Casey Chu and Hyung Won Chung and Dave Cummings and Jeremiah Currier and Yunxing Dai and Cory Decareaux and Thomas Degry and Noah Deutsch and Damien Deville and Arka Dhar and David Dohan and Steve Dowling and Sheila Dunning and Adrien Ecoffet and Atty Eleti and Tyna Eloundou and David Farhi and Liam Fedus and Niko Felix and Simón Posada Fishman and Juston Forte and Isabella Fulford and Leo Gao and Elie Georges and Christian Gibson and Vik Goel and Tarun Gogineni and Gabriel Goh and Rapha Gontijo-Lopes and Jonathan Gordon and Morgan Grafstein and Scott Gray and Ryan Greene and Joshua Gross and Shixiang Shane Gu and Yufei Guo and Chris Hallacy and Jesse Han and Jeff Harris and Yuchen He and Mike Heaton and Johannes Heidecke and Chris Hesse and Alan Hickey and Wade Hickey and Peter Hoeschele and Brandon Houghton and Kenny Hsu and Shengli Hu and Xin Hu and Joost Huizinga and Shantanu Jain and Shawn Jain and Joanne Jang and Angela Jiang and Roger Jiang and Haozhun Jin and Denny Jin and Shino Jomoto and Billie Jonn and Heewoo Jun and Tomer Kaftan and Łukasz Kaiser and Ali Kamali and Ingmar Kanitscheider and Nitish Shirish Keskar and Tabarak Khan and Logan Kilpatrick and Jong Wook Kim and Christina Kim and Yongjik Kim and Jan Hendrik Kirchner and Jamie Kiros and Matt Knight and Daniel Kokotajlo and Łukasz Kondraciuk and Andrew Kondrich and Aris Konstantinidis and Kyle Kosic and Gretchen Krueger and Vishal Kuo and Michael Lampe and Ikai Lan and Teddy Lee and Jan Leike and Jade Leung and Daniel Levy and Chak Ming Li and Rachel Lim and Molly Lin and Stephanie Lin and Mateusz Litwin and Theresa Lopez and Ryan Lowe and Patricia Lue and Anna Makanju and Kim Malfacini and Sam Manning and Todor Markov and Yaniv Markovski and Bianca Martin and Katie Mayer and Andrew Mayne and Bob McGrew and Scott Mayer McKinney and Christine McLeavey and Paul McMillan and Jake McNeil and David Medina and Aalok Mehta and Jacob Menick and Luke Metz and Andrey Mishchenko and Pamela Mishkin and Vinnie Monaco and Evan Morikawa and Daniel Mossing and Tong Mu and Mira Murati and Oleg Murk and David Mély and Ashvin Nair and Reiichiro Nakano and Rajeev Nayak and Arvind Neelakantan and Richard Ngo and Hyeonwoo Noh and Long Ouyang and Cullen O'Keefe and Jakub Pachocki and Alex Paino and Joe Palermo and Ashley Pantuliano and Giambattista Parascandolo and Joel Parish and Emy Parparita and Alex Passos and Mikhail Pavlov and Andrew Peng and Adam Perelman and Filipe de Avila Belbute Peres and Michael Petrov and Henrique Ponde de Oliveira Pinto and Michael and Pokorny and Michelle Pokrass and Vitchyr H. Pong and Tolly Powell and Alethea Power and Boris Power and Elizabeth Proehl and Raul Puri and Alec Radford and Jack Rae and Aditya Ramesh and Cameron Raymond and Francis Real and Kendra Rimbach and Carl Ross and Bob Rotsted and Henri Roussez and Nick Ryder and Mario Saltarelli and Ted Sanders and Shibani Santurkar and Girish Sastry and Heather Schmidt and David Schnurr and John Schulman and Daniel Selsam and Kyla Sheppard and Toki Sherbakov and Jessica Shieh and Sarah Shoker and Pranav Shyam and Szymon Sidor and Eric Sigler and Maddie Simens and Jordan Sitkin and Katarina Slama and Ian Sohl and Benjamin Sokolowsky and Yang Song and Natalie Staudacher and Felipe Petroski Such and Natalie Summers and Ilya Sutskever and Jie Tang and Nikolas Tezak and Madeleine B. Thompson and Phil Tillet and Amin Tootoonchian and Elizabeth Tseng and Preston Tuggle and Nick Turley and Jerry Tworek and Juan Felipe Cerón Uribe and Andrea Vallone and Arun Vijayvergiya and Chelsea Voss and Carroll Wainwright and Justin Jay Wang and Alvin Wang and Ben Wang and Jonathan Ward and Jason Wei and CJ Weinmann and Akila Welihinda and Peter Welinder and Jiayi Weng and Lilian Weng and Matt Wiethoff and Dave Willner and Clemens Winter and Samuel Wolrich and Hannah Wong and Lauren Workman and Sherwin Wu and Jeff Wu and Michael Wu and Kai Xiao and Tao Xu and Sarah Yoo and Kevin Yu and Qiming Yuan and Wojciech Zaremba and Rowan Zellers and Chong Zhang and Marvin Zhang and Shengjia Zhao and Tianhao Zheng and Juntang Zhuang and William Zhuk and Barret Zoph},
      year={2024},
      eprint={2303.08774},
      archivePrefix={arXiv},
      primaryClass={cs.CL},
      url={https://arxiv.org/abs/2303.08774}, 
}

@online{OpenAICharter,
    author = "OpenAI",
    title = "OpenAI Charter",
    url = "https://openai.com/charter/",
    addendum = "(accessed: 06.24.2025)",
    keywords = "Computation and Language, Artificial Intelligence"
}

@article{AGIOpenAI,
    author = "Blaise Agüera y Arcas, Peter Norvig",
    title = "Artificial General Intelligence Is Already Here",
    url = "https://www.noemamag.com/artificial-general-intelligence-is-already-here/",
    journal = "Noema",
    year = "2023",
    keywords = "Computation and Language, Artificial Intelligence, AGI"
}

@article{Chomsky,
    author = "Noam Chomsky",
    title = "Noam Chomsky: The False Promise of ChatGPT",
    url = "https://www.nytimes.com/2023/03/08/opinion/noam-chomsky-chatgpt-ai.html",
    journal = "The New York Times",
    year = "2023",
}

@article{bloomberg5tier,
    author = "Rachel Metz",
    title = "OpenAI Scale Ranks Progress Toward ‘Human-Level’ Problem Solving",
    url = "https://www.bloomberg.com/news/articles/2024-07-11/openai-sets-levels-to-track-progress-toward-superintelligent-ai",
    year = "2024",
    keywords = "Computation and Language, Artificial Intelligence"
}

@online{arstechnica5tier,
    author = "Benj Edwards",
    title = {OpenAI reportedly nears breakthrough with “reasoning” AI, reveals progress framework},
    url = "https://arstechnica.com/information-technology/2024/07/openai-reportedly-nears-breakthrough-with-reasoning-ai-reveals-progress-framework/#gsc.tab=0",
    addendum = "(accessed: 06.24.2025)",
    keywords = "Computation and Language, Artificial Intelligence"
}

@misc{bullshit,
    author = "Michael Townsen Hicks, James Humphries & Joe Slater",
    title = "ChatGPT is bullshit",
    year = "2024",
    url = "https://doi.org/10.1007/s10676-024-09775-5",
}

@online{aiindex,
    author = "Stanford",
    title = "The 2025 AI Index Report",
    url = "https://hai.stanford.edu/ai-index",
    addendum = "(accessed: 06.24.2025)",
}

@article{ethicalAi,
    author = "MS. SONAL BORDIA JAIN",
    title = "Ethical Considerations in Artificial Intelligence: Navigating Bias, Fairness and Accountability",
    journal = "International Journal of Innovative Research in Science,Engineering and Technology",
    volume = "4",
    number = "3",
    year = "2015",
    url = "https://www.ijirset.com/upload/2015/march/138_Ethical.pdf",
    keywords = "artificial intelligence, computer, government, ethics, accounts"
}

@misc{NIST-GAI,
    author = "NIST",
    title = "Artificial Intelligence Risk Management Framework: Generative Artificial Intelligence Profile",
    year = "2024",
    url = "https://doi.org/10.6028/NIST.AI.600-1",
}

@article{defamationChatGPT,
    author = "Byron Kaye",
    title = "Victorian mayor readies defamation lawsuit over ChatGPT content",
    journal = "Financial Review",
    year = "2023",
    url = "https://www.afr.com/technology/victorian-mayor-readies-defamation-lawsuit-over-chatgpt-content-20230405-p5cyh5",
    keywords = "AI",
}

@article{harassmentChatGPT,
    author = "Pranshu Verma, Will Oremus",
    title = "ChatGPT invented a sexual harassment scandal and named a real law prof as the accused",
    journal = "Washington Post",
    year = "2023",
    url = "https://www.washingtonpost.com/technology/2023/04/05/chatgpt-lies/",
}

@online{IBMhallucinations,
    author = "IBM",
    title = "What are AI hallucinations? ",
    url = "https://www.ibm.com/think/topics/ai-hallucinations",
    addendum = "(accessed: 06.24.2025)",
}

@article{generativeBias,
    author = "Leonardo Nicoletti, Dina Bass",
    title = "Generative AI Takes Stereotypes and Bias From Bad to Worse",
    journal = "Bloomberg",
    year = "2023",
    url = "https://www.bloomberg.com/graphics/2023-generative-ai-bias/",
}

@article{marginalisationGemini,
    author = "Sarah Shamim",
    title = "Why Google’s AI tool was slammed for showing images of people of colour",
    journal = "ALJAZEERA",
    year = "2024",
    url = "https://www.aljazeera.com/news/2024/3/9/why-google-gemini-wont-show-you-white-people",
}

@online{IBMoverfitting,
    author = "IBM",
    title = "What is overfitting?",
    url = "https://www.ibm.com/think/topics/overfitting",
    addendum = "(accessed: 06.24.2025)",
}

@misc{xue2023repeatrepeatinsightsscaling,
      title={To Repeat or Not To Repeat: Insights from Scaling LLM under Token-Crisis}, 
      author={Fuzhao Xue and Yao Fu and Wangchunshu Zhou and Zangwei Zheng and Yang You},
      year={2023},
      eprint={2305.13230},
      archivePrefix={arXiv},
      primaryClass={cs.LG},
      url={https://arxiv.org/abs/2305.13230}, 
}

@misc{wei2023chainofthoughtpromptingelicitsreasoning,
      title={Chain-of-Thought Prompting Elicits Reasoning in Large Language Models}, 
      author={Jason Wei and Xuezhi Wang and Dale Schuurmans and Maarten Bosma and Brian Ichter and Fei Xia and Ed Chi and Quoc Le and Denny Zhou},
      year={2023},
      eprint={2201.11903},
      archivePrefix={arXiv},
      primaryClass={cs.CL},
      url={https://arxiv.org/abs/2201.11903}, 
}

@misc{kojima2023largelanguagemodelszeroshot,
      title={Large Language Models are Zero-Shot Reasoners}, 
      author={Takeshi Kojima and Shixiang Shane Gu and Machel Reid and Yutaka Matsuo and Yusuke Iwasawa},
      year={2023},
      eprint={2205.11916},
      archivePrefix={arXiv},
      primaryClass={cs.CL},
      url={https://arxiv.org/abs/2205.11916}, 
}

@misc{wang2023selfconsistencyimproveschainthought,
      title={Self-Consistency Improves Chain of Thought Reasoning in Language Models}, 
      author={Xuezhi Wang and Jason Wei and Dale Schuurmans and Quoc Le and Ed Chi and Sharan Narang and Aakanksha Chowdhery and Denny Zhou},
      year={2023},
      eprint={2203.11171},
      archivePrefix={arXiv},
      primaryClass={cs.CL},
      url={https://arxiv.org/abs/2203.11171}, 
}

@misc{chen2023programthoughtspromptingdisentangling,
      title={Program of Thoughts Prompting: Disentangling Computation from Reasoning for Numerical Reasoning Tasks}, 
      author={Wenhu Chen and Xueguang Ma and Xinyi Wang and William W. Cohen},
      year={2023},
      eprint={2211.12588},
      archivePrefix={arXiv},
      primaryClass={cs.CL},
      url={https://arxiv.org/abs/2211.12588}, 
}

@misc{kim2024saassolvingabilityamplification,
      title={SAAS: Solving Ability Amplification Strategy for Enhanced Mathematical Reasoning in Large Language Models}, 
      author={Hyeonwoo Kim and Gyoungjin Gim and Yungi Kim and Jihoo Kim and Byungju Kim and Wonseok Lee and Chanjun Park},
      year={2024},
      eprint={2404.03887},
      archivePrefix={arXiv},
      primaryClass={cs.CL},
      url={https://arxiv.org/abs/2404.03887}, 
}

@online{sussmanAnomaly,
    title = "Sussman anomaly",
    url = "https://en.wikipedia.org/wiki/Sussman_anomaly",
    addendum = "(accessed: 06.24.2025)",
}

@article{marginalisationOpenAI,
    author = "Leon Yin, Davey Alba, Leonardo Nicoletti",
    title = "OpenAI GPT Sorts Resume Names With Racial Bias, Test Shows",
    journal = "bloomberg",
    year = "2024",
    url = "https://www.bloomberg.com/graphics/2024-openai-gpt-hiring-racial-discrimination/?leadSource=uverify%20wall",
}

